<?xml version="1.0" encoding="UTF-8"?><record xmlns="http://www.loc.gov/MARC21/slim" xmlns:cinclude="http://apache.org/cocoon/include/1.0" xmlns:zs="http://www.loc.gov/zing/srw/">
  <leader>00339nz  a2200121n  4500</leader>
  <controlfield tag="001">nr2001049978</controlfield>
  <controlfield tag="003">DLC</controlfield>
  <controlfield tag="005">20011204033143.0</controlfield>
  <controlfield tag="008">011203n| acannaabn          |n aaa     c</controlfield>
  <datafield tag="010" ind1=" " ind2=" ">
    <subfield code="a">nr2001049978</subfield>
  </datafield>
  <datafield tag="040" ind1=" " ind2=" ">
    <subfield code="a">NIC</subfield>
    <subfield code="b">eng</subfield>
    <subfield code="c">NIC</subfield>
  </datafield>
  <datafield tag="100" ind1="1" ind2=" ">
    <subfield code="a">Wrenn, Michael S.</subfield>
  </datafield>
  <datafield tag="670" ind1=" " ind2=" ">
    <subfield code="a">Zebra finch matings list and colour expectations, 1976:</subfield>
    <subfield code="b">t.p. (Michael S. Wrenn)</subfield>
  </datafield>
</record>